@INPROCEEDINGS{Marchiori:2024,
       author = {{Marchiori}, G. and {De Lorenzi}, S. and {Martinez}, J. and {Ghedin}, L. and {Marchiori}, T. and {Battistel}, C. and {Manfrin}, C. and {Bressan}, R. and {Vio}, L. and {Niero}, T. and {Krabbendan}, V. and {Barr}, J. and {Neill}, Doug and {Sebag}, J. and {Serrano}, E. and {Herrera}, Hernan and {Van Reeven}, W. and {Schumacher}, G. and {Wiecha}, O. and {Clavier}, C.},
        title = "{Rubin Observatory rotating enclosure (dome) progress and status}",
    booktitle = {Ground-based and Airborne Telescopes X},
         year = 2024,
       editor = {{Marshall}, Heather K. and {Spyromilio}, Jason and {Usuda}, Tomonori},
       series = {Society of Photo-Optical Instrumentation Engineers (SPIE) Conference Series},
       volume = {13094},
        month = aug,
          eid = {1309404},
        pages = {1309404},
          doi = {10.1117/12.3018132},
       adsurl = {https://ui.adsabs.harvard.edu/abs/2024SPIE13094E..04M},
      adsnote = {Provided by the SAO/NASA Astrophysics Data System}
}

@INPROCEEDINGS{2022SPIE12182E..0WT,
       author = {{Thomas}, Sandrine J. and {Barr}, Jeffrey and {Callahan}, Shawn and {Clements}, Andy W. and {Daruich}, Felipe and {F{\'a}brega}, Juan and {Ingraham}, Patrick and {Mu{\~n}oz}, Freddy and {Neill}, Douglas and {Ribeiro}, Tiago and {Sebag}, Jacques and {Serrano}, Eduardo and {Stalder}, Brian and {Tighe}, Roberto and {Vucina}, Tomislav and {Connolly}, Andrew and {Kalmbach}, J. Bryce and {Suberlak}, Chris and {Tsai}, Te-Wei},
        title = "{Rubin Observatory Simonyi Survey Telescope status overview}",
    booktitle = {Ground-based and Airborne Telescopes IX},
         year = 2022,
       editor = {{Marshall}, Heather K. and {Spyromilio}, Jason and {Usuda}, Tomonori},
       series = {Society of Photo-Optical Instrumentation Engineers (SPIE) Conference Series},
       volume = {12182},
        month = aug,
          eid = {121820W},
        pages = {121820W},
          doi = {10.1117/12.2630226},
       adsurl = {https://ui.adsabs.harvard.edu/abs/2022SPIE12182E..0WT},
      adsnote = {Provided by the SAO/NASA Astrophysics Data System}
}

